@book{Enders2008,
  title={Applied Econometric Time Series},
  author={Enders, Walter},
  year={2008},
  publisher={Wiley}
}
